<collection xmlns="http://www.loc.gov/MARC21/slim">
    <record>
        <leader>00825nam 2200241 450</leader>
        <controlfield tag="001">1</controlfield>
        <controlfield tag="003"
            >http://montalegre.opacnet.com/OPAC/default.aspx?ContentAreaControl=ShowRegHoldings.ascx&amp;RegNo=16662</controlfield>
        <controlfield tag="005">20</controlfield>
        <datafield tag="100" ind1=" " ind2=" ">
            <subfield code="a">19860701d1985 k y0pora010305 ba</subfield>
        </datafield>
        <datafield tag="101" ind1="1" ind2=" ">
            <subfield code="a">por</subfield>
            <subfield code="c">fre</subfield>
        </datafield>
        <datafield tag="102" ind1=" " ind2=" ">
            <subfield code="a">PT</subfield>
        </datafield>
        <datafield tag="200" ind1="1" ind2=" ">
            <subfield code="a">&lt;A &gt;guerra do fogo</subfield>
            <subfield code="f">J. H. Rosny Ainé</subfield>
            <subfield code="g">trad. Maria Jorge Vilar de Figueiredo</subfield>
        </datafield>
        <datafield tag="210" ind1=" " ind2=" ">
            <subfield code="a">Lisboa</subfield>
            <subfield code="c">Presença</subfield>
            <subfield code="d">1985</subfield>
        </datafield>
        <datafield tag="215" ind1=" " ind2=" ">
            <subfield code="a">177, [6] p.</subfield>
            <subfield code="c">il.</subfield>
            <subfield code="d">21 cm</subfield>
        </datafield>
        <datafield tag="225" ind1="2" ind2=" ">
            <subfield code="a">Volta ao mundo</subfield>
            <subfield code="v">4</subfield>
        </datafield>
        <datafield tag="304" ind1=" " ind2=" ">
            <subfield code="a">Tít. orig.: La guerre du feu</subfield>
        </datafield>
        <datafield tag="675" ind1=" " ind2=" ">
            <subfield code="a">821</subfield>
        </datafield>
        <datafield tag="700" ind1=" " ind2="1">
            <subfield code="a">Aîné</subfield>
            <subfield code="b">J. H. Rosny</subfield>
            <subfield code="c">pseud.</subfield>
        </datafield>
        <datafield tag="702" ind1=" " ind2="1">
            <subfield code="a">Figueiredo</subfield>
            <subfield code="b">Maria Jorge Vilar de</subfield>
            <subfield code="4">730</subfield>
        </datafield>
        <datafield tag="801" ind1=" " ind2="0">
            <subfield code="a">PT</subfield>
            <subfield code="b">Biblioteca Municipal de Montalegre</subfield>
            <subfield code="g">RPC</subfield>
        </datafield>
        <datafield tag="856" ind1=" " ind2=" ">
            <subfield code="u">locateMedia.asp?cod=20060503142940&amp;ext=jpg</subfield>
            <subfield code="z">CAPA</subfield>
        </datafield>
        <datafield tag="909" ind1="&#9;" ind2=" ">
            <subfield code="a">3</subfield>
        </datafield>
        <datafield tag="966" ind1=" " ind2=" ">
            <subfield code="a">0008509</subfield>
            <subfield code="l">BMM</subfield>
            <subfield code="s">SJ 821 AIN gue 4</subfield>
        </datafield>
        <datafield tag="966" ind1=" " ind2=" ">
            <subfield code="a">0003114</subfield>
            <subfield code="l">BMM</subfield>
            <subfield code="s">SJ 821 AIN gue 4</subfield>
        </datafield>
        <datafield tag="966" ind1=" " ind2=" ">
            <subfield code="a">0003115</subfield>
            <subfield code="l">BMM</subfield>
            <subfield code="s">SJ 821 AIN gue 4</subfield>
        </datafield>
    </record>