
    <record>
        <leader>01113nam 2200337 450</leader>
        <controlfield tag="001">12</controlfield>
        <controlfield tag="003"
            >http://montalegre.opacnet.com/OPAC/default.aspx?ContentAreaControl=ShowRegHoldings.ascx&amp;RegNo=16662</controlfield>
        <controlfield tag="005">20</controlfield>
        <datafield tag="010" ind1=" " ind2=" ">
            <subfield code="a">972-1-02839-8</subfield>
        </datafield>
        <datafield tag="010" ind1=" " ind2=" ">
            <subfield code="a">972-1-02865-7</subfield>
        </datafield>
        <datafield tag="021" ind1=" " ind2=" ">
            <subfield code="a">PT</subfield>
            <subfield code="b">29412/89</subfield>
        </datafield>
        <datafield tag="021" ind1=" " ind2=" ">
            <subfield code="a">PT</subfield>
            <subfield code="b">29413/89</subfield>
        </datafield>
        <datafield tag="100" ind1=" " ind2=" ">
            <subfield code="a">20061013d1989 m y0pory010305 ba</subfield>
        </datafield>
        <datafield tag="101" ind1="1" ind2=" ">
            <subfield code="a">por</subfield>
        </datafield>
        <datafield tag="102" ind1=" " ind2=" ">
            <subfield code="a">PT</subfield>
        </datafield>
        <datafield tag="105" ind1=" " ind2=" ">
            <subfield code="a">y z 001yy</subfield>
        </datafield>
        <datafield tag="200" ind1="1" ind2=" ">
            <subfield code="a">Alcorão</subfield>
            <subfield code="f">introd. e notas: Suleiman Valey Mamede</subfield>
            <subfield code="g">trad.: Américo de Carvalho</subfield>
        </datafield>
        <datafield tag="205" ind1=" " ind2=" ">
            <subfield code="a">2ª ed</subfield>
        </datafield>
        <datafield tag="210" ind1=" " ind2=" ">
            <subfield code="a">Mem Martins</subfield>
            <subfield code="c">Europa-América</subfield>
            <subfield code="d">D.L. 1989</subfield>
        </datafield>
        <datafield tag="215" ind1=" " ind2=" ">
            <subfield code="a">Vol.I: 224, [8] p.</subfield>
            <subfield code="a">Vol.II: 266, [7] p.</subfield>
            <subfield code="d">18 cm</subfield>
        </datafield>
        <datafield tag="225" ind1="2" ind2=" ">
            <subfield code="a">Livros de bolso Europa-América</subfield>
            <subfield code="v">186</subfield>
            <subfield code="v">187</subfield>
        </datafield>
        <datafield tag="606" ind1=" " ind2=" ">
            <subfield code="a">Islamismo</subfield>
        </datafield>
        <datafield tag="606" ind1=" " ind2=" ">
            <subfield code="a">Religião Islâmica</subfield>
        </datafield>
        <datafield tag="606" ind1=" " ind2=" ">
            <subfield code="a">Alcorão</subfield>
        </datafield>
        <datafield tag="675" ind1=" " ind2=" ">
            <subfield code="a">28</subfield>
        </datafield>
        <datafield tag="702" ind1=" " ind2="1">
            <subfield code="a">Mamede</subfield>
            <subfield code="b">Suleiman Valy</subfield>
            <subfield code="f">1932</subfield>
            <subfield code="4">080</subfield>
        </datafield>
        <datafield tag="702" ind1=" " ind2="1">
            <subfield code="a">Carvalho</subfield>
            <subfield code="b">Américo de</subfield>
            <subfield code="f">1920-</subfield>
            <subfield code="4">730</subfield>
        </datafield>
        <datafield tag="801" ind1=" " ind2="0">
            <subfield code="a">PT</subfield>
            <subfield code="b">Biblioteca Municipal de Montalegre</subfield>
            <subfield code="g">RPC</subfield>
        </datafield>
        <datafield tag="856" ind1=" " ind2=" ">
            <subfield code="u">locateMedia.asp?cod=20060504101130&amp;ext=jpg</subfield>
            <subfield code="z">CAPA</subfield>
        </datafield>
        <datafield tag="856" ind1=" " ind2=" ">
            <subfield code="u">locateMedia.asp?cod=20060504101147&amp;ext=jpg</subfield>
            <subfield code="z">CAPA</subfield>
        </datafield>
        <datafield tag="909" ind1="&#9;" ind2=" ">
            <subfield code="a">2</subfield>
        </datafield>
        <datafield tag="966" ind1=" " ind2=" ">
            <subfield code="a">0005165</subfield>
            <subfield code="d">I</subfield>
            <subfield code="l">BMM</subfield>
            <subfield code="s">SCG 28 ALC 186</subfield>
        </datafield>
        <datafield tag="966" ind1=" " ind2=" ">
            <subfield code="a">0005166</subfield>
            <subfield code="d">II</subfield>
            <subfield code="l">BMM</subfield>
            <subfield code="s">SCG 28 ALC 187</subfield>
        </datafield>
    </record>